<record><leader>00000cas a22000007a 4500</leader><controlfield tag="001">14689250</controlfield><controlfield tag="008">861107d19561965paudn ne      0    0eng d</controlfield><datafield ind1=" " ind2=" " tag="010"><subfield code="a">sn 86081959 </subfield></datafield><datafield ind1=" " ind2=" " tag="040"><subfield code="a">NPH</subfield><subfield code="b">eng</subfield><subfield code="c">NPH</subfield><subfield code="d">OCLCQ</subfield></datafield><datafield ind1=" " ind2=" " tag="042"><subfield code="a">msc</subfield></datafield><datafield ind1="0" ind2=" " tag="130"><subfield code="a">Daily Danville news (Danville, Pa.)</subfield></datafield><datafield ind1="1" ind2="4" tag="245"><subfield code="a">The daily Danville news.</subfield></datafield><datafield ind1="1" ind2="3" tag="246"><subfield code="a">Danville daily news</subfield></datafield><datafield ind1="3" ind2="0" tag="246"><subfield code="a">News</subfield></datafield><datafield ind1=" " ind2=" " tag="260"><subfield code="a">Danville, Pa. :</subfield><subfield code="b">Danville News, Inc.,</subfield><subfield code="c">1956-1965.</subfield></datafield><datafield ind1=" " ind2=" " tag="300"><subfield code="a">9 v. :</subfield><subfield code="b">ill. ;</subfield><subfield code="c">55 cm.</subfield></datafield><datafield ind1=" " ind2=" " tag="310"><subfield code="a">Daily (except Sunday)</subfield></datafield><datafield ind1="0" ind2=" " tag="362"><subfield code="a">Vol. 60, no. 2 (Sept. 4, 1956)-v. 67, no. 104 (Jan. 2, 1965).</subfield></datafield><datafield ind1=" " ind2=" " tag="530"><subfield code="a">Also issued on microfilm from Micro Photo Division of Bell and Howell.</subfield></datafield><datafield ind1=" " ind2=" " tag="752"><subfield code="a">United States</subfield><subfield code="b">Pennsylvania</subfield><subfield code="c">Montour</subfield><subfield code="d">Danville.</subfield></datafield><datafield ind1="0" ind2="0" tag="780"><subfield code="t">Danville morning news</subfield><subfield code="w">(DLC)sn 86081958</subfield></datafield><datafield ind1="0" ind2="0" tag="785"><subfield code="t">Danville news (Danville, Pa.)</subfield><subfield code="w">(DLC)sn 86081960</subfield></datafield></record>